@online{thesis,
    author    = "FatMinMin",
    title     = "NCTU latex thesis",
    url       = "https://github.com/chiehmin/nctu-thesis",
}
