@incollection{norell2009dependently,
  title={Dependently typed programming in Agda},
  author={Norell, Ulf},
  booktitle={Advanced Functional Programming},
  pages={230--266},
  year={2009},
  publisher={Springer}
}
